<?xml version="1.0" encoding="UTF-8"?><record xmlns="http://www.loc.gov/MARC21/slim" xmlns:cinclude="http://apache.org/cocoon/include/1.0" xmlns:zs="http://www.loc.gov/zing/srw/">
  <leader>00373nz  a2200121n  4500</leader>
  <controlfield tag="001">n  00110657 </controlfield>
  <controlfield tag="003">DLC</controlfield>
  <controlfield tag="005">20001023102955.0</controlfield>
  <controlfield tag="008">001023n| acannaabn          |n aaa      </controlfield>
  <datafield tag="010" ind1=" " ind2=" ">
    <subfield code="a">n  00110657 </subfield>
  </datafield>
  <datafield tag="040" ind1=" " ind2=" ">
    <subfield code="a">DLC</subfield>
    <subfield code="b">eng</subfield>
    <subfield code="c">DLC</subfield>
  </datafield>
  <datafield tag="100" ind1="1" ind2=" ">
    <subfield code="a">Figgen, Markus</subfield>
  </datafield>
  <datafield tag="670" ind1=" " ind2=" ">
    <subfield code="a">Pauly, Markus W. Gemischtwirtschaftliche Entsorgungsunternehmen, c1997:</subfield>
    <subfield code="b">t.p. (Markus Figgen; Rechtsanwalt in KoĚln)</subfield>
  </datafield>
</record>